 	


@book{RITP,
    author = {Dilip Kondepudi, Ilya Prigogine},
    publisher = {John Wiley and Sons},
    title = {Modern Thermodynamics},
    year = {1998}
}









